@techreport{WhatsAppWhitepaper,
	author       = {WhatsApp}, 
	title        = {WhatsApp Encryption Overview},
	institution  = {\url{https://www.whatsapp.com/security/WhatsApp-Security-Whitepaper.pdf}},
	year         = 2016,
	month        = {April},
	note         = {Online}
}

@misc{WikiSignal,
	author       = {Wikipedia}, 
	title        = {Signal Protocol},
	howpublished = {\url{https://en.wikipedia.org/wiki/Signal_Protocol}},
	note         = {Online}
}

@inbook{Ermoshina2016,
	author = {K. Ermoshina and F. Musiani and H. Halpin},
	title = {End-to-End Encrypted Messaging Protocols: An Overview},
	bookTitle = {Internet Science: Third International Conference, INSCI 2016, Florence, Italy, September 12-14, 2016, Proceedings},
	year = 2016,
	publisher = {Springer International Publishing},
	address = {Cham},
	pages = {244--254},
	abstract = {This paper aims at giving an overview of the different core protocols used for decentralized chat and email-oriented services. This work is part of a survey of 30 projects focused on decentralized and/or end-to-end encrypted internet messaging, currently conducted in the early stages of the H2020 CAPS project NEXTLEAP.},
	isbn = {978-3-319-45982-0},
	doi = {10.1007/978-3-319-45982-0_22},
	url = {\url{https://doi.org/10.1007/978-3-319-45982-0_22}}
}
@techreport{Moral2015,
  author       = {P. Rogaway}, 
  title        = {The Moral Character of Cryptographic Work},
  institution  = {Cryptology ePrint Archive, Report 2015/1162},
  year         = 2015,
  month        = {December},
  url          = {\url{http://eprint.iacr.org/2015/1162}}
}

@inproceedings{7467371, 
	author = {T. Frosch and C. Mainka and C. Bader and F. Bergsma and J. Schwenk and T. Holz}, 
	booktitle = {2016 IEEE European Symposium on Security and Privacy (EuroS P)}, 
	title = {How Secure is TextSecure?}, 
	year = {2016}, 
	pages = {457-472}, 
	keywords = {cryptographic protocols;electronic messaging;text analysis;TextSecure;authenticated encryption;cryptographic protocol;instant messaging;key derivation encryption;key exchange encryption;key registration;push messaging;security analysis;DH-HEMTs;Encryption;Instant messaging;Media Access Protocol;Android;Secure Instant Messaging;Signal;TextSecure;WhatsApp}, 
	doi = {10.1109/EuroSP.2016.41}, 
	month = {March}
}

@inproceedings{EuroSP:CCDGS17,
 	Author = {K. Cohn-Gordon and C. Cremers and B. Dowling and L. Garratt and D. Stebila},
 	Booktitle = {Proc. {IEEE} European Symposium on Security and Privacy (EuroS\&P) 2017},
 	Month = {April},
 	Note = {To appear},
 	Publisher = {IEEE},
 	Title = {A formal security analysis of the {S}ignal messaging protocol},
 	Year = {2017}
 }
 
@misc{BlogSignal,
	author = {K. Ludwig},
	title = {End-to-End WhatsApp: An Opinionated Series on Why Signal Protocol is Well-Designed},
	type = {Blog},
	howpublished = {\url{https://p16.praetorian.com/blog/whatsapp-end-to-end-encryption-why-signal-protocol-is-well-designed}},
	note = {Online}
}

@misc{X3DH,
	author = {M. Marlinspike and T. Perrin},
	title = {The X3DH Key Agreement Protocol},
	year = {2016},
	month = {November},
	howpublished = {\url{https://whispersystems.org/docs/specifications/x3dh/x3dh.pdf}},
	note = {Online}
}

@misc{DoubleRatchet,
	author = {M. Marlinspike and T. Perrin},
	title = {The Double Ratchet Algorithm},
	year = {2016},
	month = {November},
	howpublished = {\url{https://whispersystems.org/docs/specifications/doubleratchet/doubleratchet.pdf}},
	note = {Online}
}

@misc{TorBoard01,
	author = {ailanthus},
	title = {The Tor Project Elects New Board of Directors},
	year = {2016},
	month = {July},
	howpublished = {\url{https://blog.torproject.org/blog/tor-project-elects-new-board%C2%A0-directors}},
	note = {Online}
}

@misc{TorBoard02,
	author = {N. Perlroth},
	title = {Tor Project, a Digital Privacy Group, Reboots With New Board},
	year = {2016},
	month = {July},
	howpublished = {\url{https://www.nytimes.com/2016/07/14/technology/tor-project-a-digital-privacy-group-reboots-with-new-board.html}},
	note = {Online}
}

@misc{TorBoard03,
	author = {C. Lecher},
	title = {Tor Project installs new board of directors after Jacob Appelbaum controversy},
	year = {2016},
	month = {July},
	howpublished = {\url{https://www.theverge.com/2016/7/13/12176262/tor-project-new-board-members-announced}},
	note = {Online}
}

@misc{TorBoard04,
	author = {C. Farivar},
	title = {In wake of Appelbaum fiasco, Tor Project shakes up board of directors},
	year = {2016},
	month = {July},
	howpublished = {\url{https://arstechnica.com/information-technology/2016/07/in-wake-of-appelbaum-fiasco-tor-project-shakes-up-board-of-directors/}},
	note = {Online}
}

@misc{TorBoard05,
	author = {J. Leonard},
	title = {Security wizard Bruce Schneier joins the Tor Project},
	year = {2016},
	month = {July},
	howpublished = {\url{https://www.theinquirer.net/inquirer/news/2465042/security-wizard-bruce-schneier-joins-the-tor-project}},
	note = {Online}
}

@techreport{TorRouter,
  author       = {R. Dingledine and N. Mathewson and P. Syverson}, 
  year 		   = {2004},
  title        = {Tor: The Second-Generation Onion Router},
  institution  = {Cryptology ePrint Archive, Report 2015/1162},
  url          = {\url{https://svn.torproject.org/svn/projects/design-paper/tor-design.pdf}}
}

@misc{TorHiddenServices,
	author = {Tor},
	title = {Configuring Hidden Services for Tor},
	howpublished = {\url{https://www.torproject.org/docs/tor-hidden-service.html.en}},
	note = {Online}
}

@misc{Ricochet,
	author = {Ricochet},
	title = {Anonymous instant messaging for real privacy},
	howpublished = {\url{https://ricochet.im/}},
	note = {Online}
}

@misc{Scorecard,
	author = {Electronic Frontier Foundation},
	title = {Secure Messaging Scorecard},
	howpublished = {\url{https://www.eff.org/es/node/82654}},
	note = {Online}
}

@misc{AppComparison01,
	author = {Secure Messaging Apps},
	title = {Secure Messaging Apps Comparison},
	howpublished = {\url{https://www.securemessagingapps.com}},
	note = {Online}
}

@misc{BadTelegram,
	author = {W. Turton},
	title = {Why You Should Stop Using Telegram Right Now},
	year = {2016},
	month = {June},
	howpublished = {\url{http://gizmodo.com/why-you-should-stop-using-telegram-right-now-1782557415}},
	note = {Online}
}

@misc{GoodSignal01,
	author = {M. Lee},
	title = {Battle of the Secure Messaging Apps: How Signal Beats Whatsapp},
	year = {2016},
	month = {June},
	howpublished = {\url{https://theintercept.com/2016/06/22/battle-of-the-secure-messaging-apps-how-signal-beats-whatsapp/}},
	note = {Online}
}

@misc{GoodSignal02,
	author = {A. Greenberg},
	title = {Encryption App Signal Fights Censorship With A Clever Workaround},
	year = {2016},
	month = {December},
	howpublished = {\url{https://www.wired.com/2016/12/encryption-app-signal-fights-censorship-clever-workaround/}},
	note = {Online}
}

@misc{Tox,
	author = {Tox},
	title = {Tox Technical FAQ},
	howpublished = {\url{https://tox.chat/faq.html#tox-central-servers}},
	note = {Online}
}

@misc{Riot,
	author = {Riot},
	title = {Riot Security},
	howpublished = {\url{https://about.riot.im/security/}},
	note = {Online}
}

@misc{Ring,
	author = {Ring},
	title = {About Ring},
	howpublished = {\url{https://ring.cx/en/about/practical}},
	note = {Online}
}

@misc{AppComparison02,
	author = {D. Baker},
	title = {The State of Messaging Apps, in 5 Charts},
	year = {2015},
	month = {June},
	howpublished = {\url{https://contently.com/strategist/2015/06/30/the-state-of-messaging-apps-in-5-charts/}},
	note = {Online}
}

@misc{WhatsAppSecurity,
	author = {H. Burrel},
	title = {How secure is WhatsApp? WhatsApp security and encryption explained},
	year = {2017},
	month = {March},
	howpublished = {\url{http://www.techadvisor.co.uk/feature/internet/how-secure-is-whatsapp-whatsapp-security-encryption-explained-3637780/}},
	note = {Online}
}

@misc{FacebookEncrypt,
	author = {A. Greenberg},
	title = {You Can All Finally Encrypt Facebook Messenger So Do It},
	year = {2016},
	month = {April},
	howpublished = {\url{https://www.wired.com/2016/10/facebook-completely-encrypted-messenger-update-now/}},
	note = {Online}
}

@misc{FacebookHowToEncrypt,
	author = {A. Bradford},
	title = {How to enable end-to-end encryption on Facebook Messenger},
	year = {2016},
	month = {October},
	howpublished = {\url{https://www.cnet.com/how-to/secret-conversation-how-to-enable-messengers-end-to-end-encryption/}},
	note = {Online}
}

@misc{AppsWithEncryption,
	author = {R. Ranosa},
	title = {9 Messaging Apps With End-to-End Encryption: Facebook Messenger, WhatsApp, iMessage And More},
	year = {2016},
	month = {July},
	howpublished = {\url{http://www.techtimes.com/articles/169154/20160709/9-messaging-apps-with-end-to-end-encryption-facebook-messenger-whatsapp-imessage-and-more.htm}},
	note = {Online}
}

@misc{WikiDiffieHellman,
  author = {{Diffie-Hellman}},
  title = {Diffie-Hellman --- {W}ikipedia{,} The Free Encyclopedia},
  year = {2017},
  url = {\url{https://es.wikipedia.org/wiki/Diffie-Hellman}},
  note = {Online}
}

@misc{WikiRSA,
	author = {{Ron Rivest, Adi Shamir, and Leonard Adleman}},
	title = {RSA (cryptosystem) --- {W}ikipedia{,} The Free Encyclopedia},
	year = {2017},
	url = {\url{https://en.wikipedia.org/wiki/RSA_(cryptosystem)}},
	note = {Online}
}

@misc{WikiManInTheMiddle,
	author = {{Wikipedia}},
	title = {Man-in-the-middle attack --- {W}ikipedia{,} The Free Encyclopedia},
	year = {2017},
	url = {\url{https://en.wikipedia.org/wiki/Man-in-the-middle_attack}},
	note = {Online}
}

@misc{WikiDoubleRatchet,
	author = {{Trevor Perrin and Moxie Marlinspike}},
	title = {Double Ratchet Algorithm --- {W}ikipedia{,} The Free Encyclopedia},
	year = {2017},
	url = {\url{https://en.wikipedia.org/wiki/Double_Ratchet_Algorithm}},
	note = {Online}
}

@misc{WikiCurve25519,
	author = {{Wikipedia}},
	title = {Curve25519 --- {W}ikipedia{,} The Free Encyclopedia},
	year = {2017},
	url = {\url{https://en.wikipedia.org/wiki/Curve25519}},
	note = {Online}
}

@misc{WikiAES,
	author = {{	Vincent Rijmen and Joan Daemen}},
	title = {Advanced Encryption Standard --- {W}ikipedia{,} The Free Encyclopedia},
	year = {2017},
	url = {\url{https://en.wikipedia.org/wiki/Advanced_Encryption_Standard}},
	note = {Online}
}

@misc{WikiHMAC,
	author = {{	Wikipedia }},
	title = {Hash-based message authentication code --- {W}ikipedia{,} The Free Encyclopedia},
	year = {2017},
	url = {\url{https://en.wikipedia.org/wiki/Hash-based_message_authentication_code}},
	note = {Online}
}

@misc{WhatsAppActiveUsersStatistics,
	author = {{	Statista }},
	title = {Number of monthly active WhatsApp users worldwide from April 2013 to July 2017 (in millions)},
	year = {2017},
	url = {\url{https://www.statista.com/statistics/260819/number-of-monthly-active-whatsapp-users/}},
	note = {Online}
}

@misc{WikiOpenWhisper,
	author = {{	Wikipedia }},
	title = {Open Whisper Systems},
	year = {2017},
	url = {\url{https://en.wikipedia.org/wiki/Open_Whisper_Systems}},
	note = {Online}
}

@misc{HiddenServiceTorProject,
	author = {{	Tor Project }},
	title = {Tor: Hidden Service Protocol},
	year = {2017},
	url = {\url{https://www.torproject.org/docs/hidden-services.html.en}},
	note = {Online}
}

@misc{MaterializeGoogle,
	author = {{	Google }},
	title = {Materialize},
	year = {2017},
	url = {\url{http://materializecss.com/}},
	note = {Online}
}